@article{campbell1993moves,
  title={What moves the stock and bond markets? A variance decomposition for long-term asset returns},
  author={Campbell, John Y and Ammer, John},
  journal={The journal of finance},
  volume={48},
  number={1},
  pages={3--37},
  year={1993},
  publisher={Wiley Online Library}
}

@article{campbell1991yield,
  title={Yield spreads and interest rate movements: A bird's eye view},
  author={Campbell, John Y and Shiller, Robert J},
  journal={The Review of Economic Studies},
  volume={58},
  number={3},
  pages={495--514},
  year={1991},
  publisher={Wiley-Blackwell}
}

@article{fama1987information,
  title={The information in long-maturity forward rates},
  author={Fama, Eugene F and Bliss, Robert R},
  journal={The American Economic Review},
  pages={680--692},
  year={1987},
  publisher={JSTOR}
}

@article{campbell1987cointegration,
  title={Cointegration and tests of present value models},
  author={Campbell, John Y and Shiller, Robert J},
  journal={Journal of political economy},
  volume={95},
  number={5},
  pages={1062--1088},
  year={1987},
  publisher={The University of Chicago Press}
}

@article{bansal2004risks,
  title={Risks for the long run: A potential resolution of asset pricing puzzles},
  author={Bansal, Ravi and Yaron, Amir},
  journal={The journal of Finance},
  volume={59},
  number={4},
  pages={1481--1509},
  year={2004},
  publisher={Wiley Online Library}
}